@book{molnar2025,
  title={Interpretable Machine Learning},
  subtitle={A Guide for Making Black Box Models Explainable},
  author={Christoph Molnar},
  year={2025},
  edition={3},
  isbn={978-3-911578-03-5},
  url={https://christophm.github.io/interpretable-ml-book}
}

